@book{Beck2007,
author = {Beck, Matthias and Robins, Sinai},
file = {:C\:/Users/felix/Documents/Mendeley Desktop//Beck, Robins - 2007 - Computing the Continuous Discretely Integer-Point Enumeration in Polyhedra.pdf:pdf},
publisher = {Springer},
title = {{Computing the Continuous Discretely: Integer-Point Enumeration in Polyhedra}},
year = {2007}
}

